@article{Basma_2001,
	doi = {10.1002/jcc.1072},
	url = {https://doi.org/10.1002%2Fjcc.1072},
	year = 2001,
	month = {aug},
	publisher = {Wiley-Blackwell},
	volume = {22},
	number = {11},
	pages = {1125--1137},
	author = {M. Basma and S. Sundara and D. {\c{C}}algan and T. Vernali and R. J. Woods},
	title = {Solvated ensemble averaging in the calculation of partial atomic charges},
	journal = {Journal of Computational Chemistry}
}
@article{Batista_2015,
	doi = {10.1021/jp510125x},
	url = {https://doi.org/10.1021%2Fjp510125x},
	year = 2015,
	month = {jan},
	publisher = {American Chemical Society ({ACS})},
	volume = {119},
	number = {4},
	pages = {1567--1578},
	author = {Marta L. S. Batista and Kiki A. Kurnia and Sim{\~{a}}o P. Pinho and Jos{\'{e}} R. B. Gomes and Jo{\~{a}}o A. P. Coutinho},
	title = {Computational and Experimental Study of the Behavior of Cyano-Based Ionic Liquids in Aqueous Solution},
	journal = {The Journal of Physical Chemistry B}
}
@article{Beutler_1994,
	doi = {10.1016/0009-2614(94)00397-1},
	url = {http://dx.doi.org/10.1016/0009-2614(94)00397-1},
	year = 1994,
	month = {jun},
	publisher = {Elsevier {BV}},
	volume = {222},
	number = {6},
	pages = {529--539},
	author = {Thomas C. Beutler and Alan E. Mark and Ren{\'{e}} C. van Schaik and Paul R. Gerber and Wilfred F. van Gunsteren},
	title = {Avoiding singularities and numerical instabilities in free energy calculations based on molecular simulations},
	journal = {Chemical Physics Letters}
}
@article{Breneman_1990,
	doi = {10.1002/jcc.540110311},
	url = {https://doi.org/10.1002%2Fjcc.540110311},
	year = 1990,
	month = {apr},
	publisher = {Wiley-Blackwell},
	volume = {11},
	number = {3},
	pages = {361--373},
	author = {Curt M. Breneman and Kenneth B. Wiberg},
	title = {Determining atom-centered monopoles from molecular electrostatic potentials. The need for high sampling density in formamide conformational analysis},
	journal = {Journal of Computational Chemistry}
}
@article{Brooks_1983,
	doi = {10.1002/jcc.540040211},
	url = {http://dx.doi.org/10.1002/jcc.540040211},
	year = 1983,
	publisher = {Wiley-Blackwell},
	volume = {4},
	number = {2},
	pages = {187--217},
	author = {Bernard R. Brooks and Robert E. Bruccoleri and Barry D. Olafson and David J. States and S. Swaminathan and Martin Karplus},
	title = {{CHARMM}: A program for macromolecular energy, minimization, and dynamics calculations},
	journal = {J. Comput. Chem.}
}
@article{Cadena_2006,
	doi = {10.1021/jp0629036},
	url = {https://doi.org/10.1021%2Fjp0629036},
	year = 2006,
	month = {sep},
	publisher = {American Chemical Society ({ACS})},
	volume = {110},
	number = {36},
	pages = {18026--18039},
	author = {Cesar Cadena and Edward J. Maginn},
	title = {Molecular Simulation Study of Some Thermophysical and Transport Properties of Triazolium-Based Ionic Liquids},
	journal = {The Journal of Physical Chemistry B}
}
@article{Canongia_Lopes_2006,
	doi = {10.1021/jp063901o},
	url = {https://doi.org/10.1021%2Fjp063901o},
	year = 2006,
	month = {oct},
	publisher = {American Chemical Society ({ACS})},
	volume = {110},
	number = {39},
	pages = {19586--19592},
	author = {Jos{\'{e}} N. Canongia Lopes and Ag{\'{\i}}lio A. H. P{\'{a}}dua},
	title = {Molecular Force Field for Ionic Liquids {III}:~ Imidazolium, Pyridinium, and Phosphonium Cations; Chloride, Bromide, and Dicyanamide Anions},
	journal = {The Journal of Physical Chemistry B}
}
@article{Carvalho_2016,
	doi = {10.1039/c6cp01896c},
	year = 2016,
	publisher = {Royal Society of Chemistry ({RSC})},
	volume = {18},
	number = {22},
	pages = {14757--14771},
	author = {P. J. Carvalho and K. A. Kurnia and J. A. P. Coutinho},
	title = {Dispelling some myths about the {CO}\textsubscript{2} solubility in ionic liquids},
	journal = {Phys. Chem. Chem. Phys.}
}
@article{Chodera_2011_2,
	doi = {10.1063/1.3660669},
	url = {http://dx.doi.org/10.1063/1.3660669},
	year = 2011,
	publisher = {{AIP} Publishing},
	volume = {135},
	number = {19},
	pages = {194110},
	author = {John D. Chodera and Michael R. Shirts},
	title = {Replica exchange and expanded ensemble simulations as {Gibbs} sampling: {Simple} improvements for enhanced mixing},
	journal = {The Journal of Chemical Physics}
}
@article{Cornell_1995,
	doi = {10.1021/ja00124a002},
	url = {https://doi.org/10.1021%2Fja00124a002},
	year = 1995,
	month = {may},
	publisher = {American Chemical Society ({ACS})},
	volume = {117},
	number = {19},
	pages = {5179--5197},
	author = {Wendy D. Cornell and Piotr Cieplak and Christopher I. Bayly and Ian R. Gould and Kenneth M. Merz and David M. Ferguson and David C. Spellmeyer and Thomas Fox and James W. Caldwell and Peter A. Kollman},
	title = {A Second Generation Force Field for the Simulation of Proteins, Nucleic Acids, and Organic Molecules},
	journal = {Journal of the American Chemical Society}
}
@article{Dupont_2010,
	doi = {10.1039/b822551f},
	url = {https://doi.org/10.1039%2Fb822551f},
	year = 2010,
	publisher = {Royal Society of Chemistry ({RSC})},
	volume = {39},
	number = {5},
	pages = {1780},
	author = {Jairton Dupont and Jackson D. Scholten},
	title = {On the structural and surface properties of transition-metal nanoparticles in ionic liquids},
	journal = {Chemical Society Reviews}
}
@article{Fennell2006,
  title={Is the {Ewald} summation still necessary? {Pairwise} alternatives to the accepted standard for long-range electrostatics},
  author={Fennell, C J and Gezelter, J D},
  journal={The Journal of Chemical Physics},
  volume={124},
  number={23},
  pages={234104-234116},
  year={2006},
  publisher={AIP publications}
}
@article{Finotello_2008,
	doi = {10.1021/ie0704142},
	url = {https://doi.org/10.1021%2Fie0704142},
	year = 2008,
	month = {may},
	publisher = {American Chemical Society ({ACS})},
	volume = {47},
	number = {10},
	pages = {3453--3459},
	author = {Alexia Finotello and Jason E. Bara and Dean Camper and Richard D. Noble},
	title = {Room-Temperature Ionic Liquids: {Temperature} Dependence of Gas Solubility Selectivity},
	journal = {Industrial {\&} Engineering Chemistry Research}
}
@article{Han_2010,
	doi = {10.3390/molecules15042405},
	url = {https://doi.org/10.3390%2Fmolecules15042405},
	year = 2010,
	month = {apr},
	publisher = {{MDPI} {AG}},
	volume = {15},
	number = {4},
	pages = {2405--2426},
	author = {Dandan Han and Kyung Ho Row},
	title = {Recent Applications of Ionic Liquids in Separation Technology},
	journal = {Molecules}
}
@article{Holste_1987,
	doi = {10.1016/0021-9614(87)90001-2},
	url = {https://doi.org/10.1016%2F0021-9614%2887%2990001-2},
	year = 1987,
	month = {dec},
	publisher = {Elsevier {BV}},
	volume = {19},
	number = {12},
	pages = {1233--1250},
	author = {J.C Holste and K.R Hall and P.T Eubank and G Esper and M.Q Watson and W Warowny and D.M Bailey and J.G Young and M.T Bellomy},
	title = {Experimental (p, Vm, T) for pure {CO}\textsubscript{2} between 220 and 450 K},
	journal = {The Journal of Chemical Thermodynamics}
}
@article{Jorgensen_1996,
	doi = {10.1021/ja9621760},
	url = {https://doi.org/10.1021%2Fja9621760},
	year = 1996,
	month = {jan},
	publisher = {American Chemical Society ({ACS})},
	volume = {118},
	number = {45},
	pages = {11225--11236},
	author = {William L. Jorgensen and David S. Maxwell and Julian Tirado-Rives},
	title = {Development and Testing of the {OPLS} All-Atom Force Field on Conformational Energetics and Properties of Organic Liquids},
	journal = {Journal of the American Chemical Society}
}
@article{Kamberaj_2005,
doi = {10.1063/1.1906216},
url = {http://dx.doi.org/10.1063/1.1906216},
year = 2005,
publisher = {{AIP} Publishing},
volume = {122},
number = {22},
pages = {224114},
author = {H. Kamberaj and R. J. Low and M. P. Neal},
title = {Time reversible and symplectic integrators for molecular dynamics simulations of rigid molecules},
journal = {The Journal of Chemical Physics}
}
@article{Kerl__2017,
	doi = {10.1039/c6cp06792a},
	url = {https://doi.org/10.1039%2Fc6cp06792a},
	year = 2017,
	publisher = {Royal Society of Chemistry ({RSC})},
	volume = {19},
	number = {3},
	pages = {1770--1780},
	author = {Daniela Kerl{\'{e}} and Majid Namayandeh Jorabchi and Ralf Ludwig and Sebastian Wohlrab and Dietmar Paschek},
	title = {A simple guiding principle for the temperature dependence of the solubility of light gases in imidazolium-based ionic liquids derived from molecular simulations},
	journal = {Phys. Chem. Chem. Phys.}
}
@article{Kinik_2017,
	doi = {10.1002/cssc.201700716},
	url = {https://doi.org/10.1002%2Fcssc.201700716},
	year = 2017,
	month = {jul},
	publisher = {Wiley-Blackwell},
	volume = {10},
	number = {14},
	pages = {2842--2863},
	author = {Fatma Pelin Kinik and Alper Uzun and Seda Keskin},
	title = {Ionic Liquid/Metal-Organic Framework Composites: {From} Synthesis to Applications},
	journal = {{ChemSusChem}}
}
@article{K_ddermann_2007,
	doi = {10.1002/cphc.200700552},
	url = {https://doi.org/10.1002%2Fcphc.200700552},
	year = 2007,
	month = {dec},
	publisher = {Wiley-Blackwell},
	volume = {8},
	number = {17},
	pages = {2464--2470},
	author = {Thorsten Köddermann and Dietmar Paschek and Ralf Ludwig},
	title = {Molecular Dynamic Simulations of Ionic Liquids: {A} Reliable Description of Structure, Thermodynamics and Dynamics},
	journal = {{ChemPhysChem}}
}
@article{Koller_2012,
	doi = {10.1080/00268976.2011.648965},
	url = {https://doi.org/10.1080%2F00268976.2011.648965},
	year = 2012,
	month = {jun},
	publisher = {Informa {UK} Limited},
	volume = {110},
	number = {11-12},
	pages = {1115--1126},
	author = {Thomas Koller and Javier Ramos and Nuno M. Garrido and Andreas P. Fröba and Ioannis G. Economou},
	title = {Development of a united-atom force field for 1-ethyl-3-methylimidazolium tetracyanoborate ionic liquid},
	journal = {Molecular Physics}
}
@article{Leones_2017,
	doi = {10.1016/j.electacta.2017.02.053},
	url = {https://doi.org/10.1016%2Fj.electacta.2017.02.053},
	year = 2017,
	month = {apr},
	publisher = {Elsevier {BV}},
	volume = {232},
	pages = {22--29},
	author = {Rita Leones and Rodrigo C. Sabadini and Jos{\'{e}} M.S.S. Esperan{\c{c}}a and Agnieszka Pawlicka and M. Manuela Silva},
	title = {Effect of storage time on the ionic conductivity of chitosan-solid polymer electrolytes incorporating cyano-based ionic liquids},
	journal = {Electrochimica Acta}
}
@article{Liu_2006,
	doi = {10.1039/b515905a},
	url = {https://doi.org/10.1039%2Fb515905a},
	year = 2006,
	publisher = {Royal Society of Chemistry ({RSC})},
	volume = {8},
	number = {9},
	pages = {1096},
	author = {Zhiping Liu and Xiaoping Wu and Wenchuan Wang},
	title = {A novel united-atom force field for imidazolium-based ionic liquids},
	journal = {Physical Chemistry Chemical Physics}
}
@article{Liu_2014,
	doi = {10.1039/c3cp54326a},
	url = {https://doi.org/10.1039%2Fc3cp54326a},
	year = 2014,
	publisher = {Royal Society of Chemistry ({RSC})},
	volume = {16},
	number = {5},
	pages = {1909--1913},
	author = {Hongjun Liu and Sheng Dai and De-en Jiang},
	title = {Structure and dynamics of {CO}\textsubscript{2} and {N}\textsubscript{2} in a tetracyanoborate based ionic liquid},
	journal = {Phys. Chem. Chem. Phys.}
}
@article{Lyubartsev_1992,
	doi = {10.1063/1.462133},
	url = {http://dx.doi.org/10.1063/1.462133},
	year = 1992,
	publisher = {{AIP} Publishing},
	volume = {96},
	number = {3},
	pages = {1776},
	author = {A. P. Lyubartsev and A. A. Martsinovski and S. V. Shevkunov and P. N. Vorontsov-Velyaminov},
	title = {New approach to {Monte} {Carlo} calculation of the free energy: {Method} of expanded ensembles},
	journal = {The Journal of Chemical Physics}
}
@article{MacFarlane_2014,
	doi = {10.1039/c3ee42099j},
	url = {https://doi.org/10.1039%2Fc3ee42099j},
	year = 2014,
	publisher = {Royal Society of Chemistry ({RSC})},
	volume = {7},
	number = {1},
	pages = {232--250},
	author = {Douglas R. MacFarlane and Naoki Tachikawa and Maria Forsyth and Jennifer M. Pringle and Patrick C. Howlett and Gloria D. Elliott and James H. Davis and Masayoshi Watanabe and Patrice Simon and C. Austen Angell},
	title = {Energy applications of ionic liquids},
	journal = {Energy Environ. Sci.}
}
@article{Mahurin_2010,
	doi = {10.1016/j.memsci.2010.02.045},
	url = {https://doi.org/10.1016%2Fj.memsci.2010.02.045},
	year = 2010,
	month = {may},
	publisher = {Elsevier {BV}},
	volume = {353},
	number = {1-2},
	pages = {177--183},
	author = {Shannon M. Mahurin and Je Seung Lee and Gary A. Baker and Huimin Luo and Sheng Dai},
	title = {Performance of nitrile-containing anions in task-specific ionic liquids for improved {CO}\textsubscript{2}/{N}\textsubscript{2} separation},
	journal = {Journal of Membrane Science}
}
@article{Mayo_1990,
	doi = {10.1021/j100389a010},
	url = {https://doi.org/10.1021%2Fj100389a010},
	year = 1990,
	month = {dec},
	publisher = {American Chemical Society ({ACS})},
	volume = {94},
	number = {26},
	pages = {8897--8909},
	author = {Stephen L. Mayo and Barry D. Olafson and William A. Goddard},
	title = {{DREIDING}: {A} generic force field for molecular simulations},
	journal = {The Journal of Physical Chemistry}
}
@article{Mecerreyes_2011,
	doi = {10.1016/j.progpolymsci.2011.05.007},
	url = {https://doi.org/10.1016%2Fj.progpolymsci.2011.05.007},
	year = 2011,
	month = {dec},
	publisher = {Elsevier {BV}},
	volume = {36},
	number = {12},
	pages = {1629--1648},
	author = {David Mecerreyes},
	title = {Polymeric ionic liquids: {Broadening} the properties and applications of polyelectrolytes},
	journal = {Progress in Polymer Science}
}
@article{Merkel_2010,
	doi = {10.1016/j.memsci.2009.10.041},
	url = {https://doi.org/10.1016%2Fj.memsci.2009.10.041},
	year = 2010,
	month = {sep},
	publisher = {Elsevier {BV}},
	volume = {359},
	number = {1-2},
	pages = {126--139},
	author = {Tim C. Merkel and Haiqing Lin and Xiaotong Wei and Richard Baker},
	title = {Power plant post-combustion carbon dioxide capture: {An} opportunity for membranes},
	journal = {Journal of Membrane Science}
}
@article{Naden_2015,
	doi = {10.1021/ct501047e},
	url = {https://doi.org/10.1021%2Fct501047e},
	year = 2015,
	month = {jun},
	publisher = {American Chemical Society ({ACS})},
	volume = {11},
	number = {6},
	pages = {2536--2549},
	author = {Levi N. Naden and Michael R. Shirts},
	title = {Linear Basis Function Approach to Efficient Alchemical Free Energy Calculations. 2. {Inserting} and Deleting Particles with Coulombic Interactions},
	journal = {Journal of Chemical Theory and Computation}
}
@article{P_rvulescu_2007,
	doi = {10.1021/cr050948h},
	url = {https://doi.org/10.1021%2Fcr050948h},
	year = 2007,
	month = {jun},
	publisher = {American Chemical Society ({ACS})},
	volume = {107},
	number = {6},
	pages = {2615--2665},
	author = {Vasile I. P{\^{a}}rvulescu and Christopher Hardacre},
	title = {Catalysis in Ionic Liquids},
	journal = {Chemical Reviews}
}
@article{Plimpton1995,
  title={Fast Parallel Algorithms for Short-Range Molecular Dynamics},
  author={Plimpton, S},
  journal={Journal of Computational Physics},
  volume={117},
  number={1},
  pages={1-19},
  year={1995},
  publisher={ELSEVIER}
}
@book{Prausnitz,
  Author = {John M. Prausnitz and Rudiger N. Lichtenthaler and Edmundo Gomes de Azevedo},
  Title = {Molecular Thermodynamics of Fluid-Phase Equilibria (3rd Edition)},
  Publisher = {Prentice Hall},
  Year = {1998},
  ISBN = {0139777458},
  URL = {https://www.amazon.com/Molecular-Thermodynamics-Fluid-Phase-Equilibria-3rd/dp/0139777458?SubscriptionId=0JYN1NVW651KCA56C102&tag=techkie-20&linkCode=xm2&camp=2025&creative=165953&creativeASIN=0139777458}
}
@article{Price_2001,
	doi = {10.1002/jcc.1092},
	url = {https://doi.org/10.1002%2Fjcc.1092},
	year = 2001,
	publisher = {Wiley-Blackwell},
	volume = {22},
	number = {13},
	pages = {1340--1352},
	author = {Melissa L. P. Price and Dennis Ostrovsky and William L. Jorgensen},
	title = {Gas-phase and liquid-state properties of esters, nitriles, and nitro compounds with the {OPLS}-{AA} force field},
	journal = {Journal of Computational Chemistry}
}
@article{Rubin_2015,
	doi = {10.1016/j.ijggc.2015.05.018},
	year = 2015,
	month = {sep},
	publisher = {Elsevier {BV}},
	volume = {40},
	pages = {378--400},
	author = {Edward S. Rubin and John E. Davison and Howard J. Herzog},
	title = {The cost of {CO}\textsubscript{2} capture and storage},
	journal = {International Journal of Greenhouse Gas Control}
}
@article{Seo_2014,
	doi = {10.1021/jp502279w},
	url = {https://doi.org/10.1021%2Fjp502279w},
	year = 2014,
	month = {may},
	publisher = {American Chemical Society ({ACS})},
	volume = {118},
	number = {21},
	pages = {5740--5751},
	author = {Samuel Seo and Mauricio Quiroz-Guzman and M. Aruni DeSilva and Tae Bum Lee and Yong Huang and Brett F. Goodrich and William F. Schneider and Joan F. Brennecke},
	title = {Chemically Tunable Ionic Liquids with Aprotic Heterocyclic Anion ({AHA}) for {CO}\textsubscript{2} Capture},
	journal = {The Journal of Physical Chemistry B}
}
@article{Shinoda2004,
  title={Rapid estimation of elastic constants by molecular dynamics simulation under constant stress},
  author={Shinoda, W. and Shiga, M. and Milami, M.},
  journal={Physical Review B},
  volume={69},
  number={},
  pages={134103},
  year={2004},
  publisher={}
}
@article{Shirts_2003,
	doi = {10.1063/1.1587119},
	url = {http://dx.doi.org/10.1063/1.1587119},
	year = 2003,
	publisher = {{AIP} Publishing},
	volume = {119},
	number = {11},
	pages = {5740},
	author = {Michael R. Shirts and Jed W. Pitera and William C. Swope and Vijay S. Pande},
	title = {Extremely precise free energy calculations of amino acid side chain analogs: {Comparison} of common molecular mechanics force fields for proteins},
	journal = {The Journal of Chemical Physics}
}
@article{Shirts_2008,
	doi = {10.1063/1.2978177},
	url = {http://dx.doi.org/10.1063/1.2978177},
	year = 2008,
	publisher = {{AIP} Publishing},
	volume = {129},
	number = {12},
	pages = {124105},
	author = {Michael R. Shirts and John D. Chodera},
	title = {Statistically optimal analysis of samples from multiple equilibrium states},
	journal = {The Journal of Chemical Physics}
}
@article{Schr_der_2012,
	doi = {10.1039/c2cp23329k},
	url = {https://doi.org/10.1039%2Fc2cp23329k},
	year = 2012,
	publisher = {Royal Society of Chemistry ({RSC})},
	volume = {14},
	number = {9},
	pages = {3089},
	author = {Christian Schröder},
	title = {Comparing reduced partial charge models with polarizable simulations of ionic liquids},
	journal = {Physical Chemistry Chemical Physics}
}
@book{Tester,
  Author = {Jefferson W. Tester and Michael Modell},
  Title = {Thermodynamics and Its Applications (3rd Edition)},
  Publisher = {Prentice Hall},
  Year = {1996},
  ISBN = {013915356X},
  URL = {https://www.amazon.com/Thermodynamics-Its-Applications-Jefferson-Tester/dp/013915356X?SubscriptionId=0JYN1NVW651KCA56C102&tag=techkie-20&linkCode=xm2&camp=2025&creative=165953&creativeASIN=013915356X}
}
@article{Tom_2015,
	doi = {10.1016/j.memsci.2015.02.020},
	url = {https://doi.org/10.1016%2Fj.memsci.2015.02.020},
	year = 2015,
	month = {jun},
	publisher = {Elsevier {BV}},
	volume = {483},
	pages = {155--165},
	author = {Liliana C. Tom{\'{e}} and Mehmet Isik and Carmen S.R. Freire and David Mecerreyes and Isabel M. Marrucho},
	title = {Novel pyrrolidinium-based polymeric ionic liquids with cyano counter-anions: High performance membrane materials for post-combustion {CO}\textsubscript{2} separation},
	journal = {Journal of Membrane Science}
}
\begin{filecontents}{\jobname.bib}
@misc{totalenergy,
   author = "{U.S. Energy Information Administration}",
   title  = {Monthly Energy Review},
   howpublished="\url{https://www.eia.gov/totalenergy/data/monthly/pdf/sec12_3.pdf}",
   year = 2017
}
\end{filecontents}
@article{Wang_2004,
	doi = {10.1002/jcc.20035},
	url = {https://doi.org/10.1002%2Fjcc.20035},
	year = 2004,
	publisher = {Wiley-Blackwell},
	volume = {25},
	number = {9},
	pages = {1157--1174},
	author = {Junmei Wang and Romain M. Wolf and James W. Caldwell and Peter A. Kollman and David A. Case},
	title = {Development and testing of a general amber force field},
	journal = {Journal of Computational Chemistry}
}
@article{Weber_2016,
	doi = {10.1021/acs.jpcb.6b00098},
	url = {https://doi.org/10.1021%2Facs.jpcb.6b00098},
	year = 2016,
	month = {mar},
	publisher = {American Chemical Society ({ACS})},
	volume = {120},
	number = {9},
	pages = {2471--2483},
	author = {Henry Weber and Barbara Kirchner},
	title = {Complex Structural and Dynamical Interplay of Cyano-Based Ionic Liquids},
	journal = {The Journal of Physical Chemistry B}
}
@article{Werner_2010,
	doi = {10.1146/annurev-chembioeng-073009-100915},
	url = {https://doi.org/10.1146%2Fannurev-chembioeng-073009-100915},
	year = 2010,
	month = {jun},
	publisher = {Annual Reviews},
	volume = {1},
	number = {1},
	pages = {203--230},
	author = {Sebastian Werner and Marco Haumann and Peter Wasserscheid},
	title = {Ionic Liquids in Chemical Engineering},
	journal = {Annual Review of Chemical and Biomolecular Engineering}
}